
%%%%%%%%%%%%%%% LIVRO %%%%%%%%%%%%%%%
@book{book:russell:10,
  title = {Inteligência artificial: Tradução da 3a Edição},
  author = {Russell, S. and Norvig, P.},
  isbn = {9788535251418},
  url = {https://books.google.com.br/books?id=BsNeAwAAQBAJ},
  year = {2014},
  pages = {1056},
  publisher = {Elsevier Editora Ltda.}
}

%%%%%%%%%%%%%%% ANAIS DE EVENTOS %%%%%%%%%%%%%%% 

@inproceedings{ieee:suh:10,
    author = {Suh, Bongwon and Hong, Lichan and Pirolli, Peter and Chi, Ed H},
    title = {Want to be retweeted? large scale analytics on factors impacting retweet in twitter network},
    booktitle = {Social computing (socialcom), 2010 ieee second international conference on},
    pages = {177--184},
    year = {2010},
    organization = {IEEE},
    url = {http://ieeexplore.ieee.org/document/5590452/}
}

%%%%%%%%%%%%%%% ARTIGOS %%%%%%%%%%%%%%%

@article{artigo:oliveira:18,
	author = {Lucas L. de Oliveira and Sérgio L. S. Mergen},
	title = {Análise da Popularidade de Tuítes com Base em Características Extraídas de seu Conteúdo},
	journal = {Escola Regional de Banco de Dados (ERBD)},
	volume = {14},
	number = {1/2018},
	year = {2018},
	issn = {2595-413X},
	url = {http://portaldeconteudo.sbc.org.br/index.php/erbd/article/view/2834}
}

@article{artigo:pillat:17,
  title = {Comparação entre duas fórmulas utilizadas para o cálculo da taxa de engajamento utilizando como base a porcentagem de visualizações e o total de fãs},
  author = {Vilson Gil Pillat and Valdir Gil Pillat},
  journal = {Revista Brasileira de Pesquisas de Marketing},
  year = {2017},
  issn = {2317-0123},
  url = {http://www.revistapmkt.com.br/pt-br/anteriores/anteriores.aspx?udt_863_param_detail=8650}
}

@article{loria:14,
  author = {Loria, Steven and Keen, P and Honnibal, M and Yankovsky, R and Karesh, D and Dempsey, E and others},
  title = {Textblob: simplified text processing},
  journal = {Secondary TextBlob: Simplified Text Processing},
  year = {2014}
}


